@online{seyfferth,
	author = {Seyfferth, Joerg},
	title = {ASCII Generator},
	date = {July 2010},
	url = {http://www.network-science.de/ascii/},
 	journal={network science - Homepage}, 
}
